2010 3365
1016 110 1079 155 56

285 230 575 274 salisburgensis.
623 230 726 264 Kocn
751 231 836 271 syn.
864 240 895 273 p.
922 232 1000 261 216.

286 289 405 310 crocea
430 275 471 317 β.
498 277 786 319 salisburgensis.
834 276 922 308 Dm
949 274 1078 306 Prodr.
1109 273 1161 315 ΙΙ,
1188 285 1219 318 p.
1248 278 1326 310 576.

287 335 396 356 verua
420 332 457 365 3¹.
483 321 776 365 salisburgensis.
825 320 955 352 Nsssw..
985 322 1123 352 Patent.
1151 331 1182 361 p.
1212 325 1266 356 52.

287 381 417 403 crocea.
467 369 578 401 HALL.
604 369 655 408 fil.
682 367 717 400 in
745 367 937 398 ScuLfflcu.
967 366 1040 398 Cat.
1066 366 1163 399 1807
1189 367 1250 405 (ex
1274 368 1407 410 Kocu).
1427 386 1466 392 -—
1486 369 1609 405 Lnum.
1627 372 1768 409 Patent.
1793 383 1826 416 p.
1849 378 1925 410 111,

319 433 358 438 —
386 414 422 447 C.
449 416 491 449 A.
518 415 659 447 Mmflp..
686 413 762 446 Incl.
790 421 885 443 caue.
912 422 942 453 p.
971 415 1049 445 168.

288 471 405 494 aurea.
454 461 586 493 Pflwz.
612 460 667 492 Fe.
689 459 786 500 fenn.
812 457 964 489 breviar.
991 468 1022 499 p.
1052 461 1105 491 75.

256 534 263 541 .
291 518 400 540 verna
425 503 465 546 β.
513 506 651 538 ἘΕιιΜ.
678 504 755 536 Ind.
782 503 886 536 Kola.
913 502 975 535 Nr-
1003 508 1082 538 221.
1107 521 1152 526 —
1179 504 1232 546 Ej.
1259 506 1340 538 Iud.
1367 505 1522 549 Lappon.
1548 507 1611 542 Nr.
1639 514 1715 544 203.

258 571 313 602 ab.
339 569 376 601 in
401 567 570 601 Rossia
595 565 766 598 arctina
793 565 959 604 [territur.
986 565 1094 598 Kola!
1120 566 1309 608 (Fam),
1340 568 1538 611 Lapponia!
1563 570 1732 614 (Pan-z„
1766 572 1923 612 anw„

313 615 485 648 Setini-:Na
508 614 554 656 pl.
582 612 690 650 exso]
719 616 753 644 et
779 612 1146 654 septentrionali
1175 614 1306 651 [terrae
1332 613 1596 657 Samojcdarum
1624 627 1696 659 reg.
1724 619 1924 652 subarctiea

314 661 503 699 (Seianam.
528 659 568 690 in
592 658 695 696 [πω]
721 656 830 700 inque
854 657 1107 699 provinciis
1141 669 1217 691 cau
1230 659 1397 693 casicis
1425 662 1474 700 [in
1503 673 1576 705 reg.
1604 663 1724 706 alpina
1749 665 1924 707 orientali,

314 707 374 739 alt.
402 709 488 738 1400
514 704 636 746 hexap.
665 702 719 742 (C.
744 704 785 737 A.
811 704 973 745 Marna),
1001 703 1201 737 Somchetia
1227 705 1280 743 (C.
1306 706 1407 739 Kocu
1431 708 1469 740 in
1493 709 1607 749 litt.)].
1634 714 1671 747 21.

290 772 358 808 45.
391 767 437 807 Ρ.
469 765 747 818 subpalmata:
793 764 1028 806 caudiculis
1060 771 1318 823 prostratis,
1360 768 1548 809 caulibus
1579 785 1602 810 e
1635 770 1724 810 basi
1754 769 1926 812 adscen-

181 824 308 865 dente
341 826 494 864 erectis
528 822 699 875 villosis,
730 821 843 863 foliis
866 822 1119 864 radicalibus
1142 824 1403 881 caulinisque
1425 828 1700 868 inferioribus
1723 832 1926 883 quinatis,

175 881 328 923 foliolis
370 880 536 921 duobus
578 880 731 921 infimis
776 881 1006 921 minoribus
1045 898 1068 921 a
1108 881 1282 938 reliquis
1315 899 1461 939 parum
1494 889 1686 934 remotis,
1730 888 1925 926 omnibus

175 941 562 980 obovato-cuneatis
594 954 725 995 supra
754 953 880 994 parce
912 940 1060 979 subtus
1094 939 1268 980 densius
1313 940 1482 998 pilosis3
1522 941 1786 983 intermediis
1829 959 1926 1000 pro-

176 994 308 1037 funde
349 999 709 1036 inciso-serratis
750 1011 788 1037 v.
831 996 1174 1052 subpinnatifidis
1220 997 1308 1038 basi
1347 1002 1657 1056 integerrimis:
1691 1004 1926 1041 serraturis

180 1053 372 1109 oblongis
396 1069 432 1095 v.
455 1052 842 1109 obovato-oblongis
865 1052 1216 1109 subaequalibus;
1239 1054 1391 1096 infimis
1414 1060 1623 1099 2—3-v,
1646 1056 1926 1115 pinnafifidis,

174 1109 345 1166 stipulis
368 1120 484 1151 extus
506 1110 676 1167 pilosis;
710 1111 885 1151 caulinis
908 1110 1146 1151 lato-ovatis
1178 1114 1386 1168 integris3
1417 1114 1570 1155 infimis
1594 1114 1926 1171 ovato—oblongis

178 1168 531 1218 membranaceis,
560 1167 713 1224 petalis
745 1167 1088 1209 lato—obcordatis
1119 1167 1258 1222 calyce
1290 1170 1436 1211 villoso
1466 1188 1614 1228 parum
1646 1172 1926 1230 longioribus,

176 1225 341 1266 laciniis
380 1225 582 1280 calycinis
624 1224 1008 1267 ovato-lanceolatis
1053 1229 1187 1266 acutis
1230 1225 1465 1269 bracteolas
1511 1229 1710 1287 oblongas
1752 1230 1928 1271 obtusas

175 1282 298 1338 longe
329 1283 642 1340 superantibus,
674 1281 874 1339 carpellis
896 1312 906 1323 .
930 1313 942 1326 .
964 1313 974 1324 .
999 1314 1010 1325 .

221 571 252 602 ³
223 461 262 539 *eru
220 231 261 403 τυτστστσ

222 1360 312 1393 Hah.
339 1358 374 1392 in
400 1371 445 1393 m.
471 1359 622 1394 Ararut!
648 1359 773 1398 (Hx-:HN
796 1361 844 1403 pl.
869 1360 974 1398 ear-sn).
1001 1363 1038 1397 21.

290 1419 361 1461 Ad
395 1421 440 1463 P.
473 1419 825 1477 salisburgensem
864 1424 1052 1478 proxime
1090 1420 1279 1475 accedit,
1323 1422 1427 1476 sed,
1469 1431 1643 1480 praeter
1671 1423 1773 1465 alias
1805 1432 1927 1465 notas

176 1477 406 1531 indicatas,
448 1478 561 1519 foliis
592 1495 673 1519 non
714 1487 855 1519 exacte
886 1478 1104 1536 palmatis,
1148 1484 1262 1520 inter
1299 1480 1478 1537 palmata
1519 1490 1560 1521 et
1591 1485 1766 1538 pinnata
1805 1485 1927 1538 quasi

182 1534 327 1576 mediis
359 1544 401 1576 et
432 1536 583 1592 petalis
616 1535 853 1588 latissimis,
895 1552 1072 1591 quorum
1115 1536 1319 1579 diameter
1359 1538 1658 1581 transversalis
1698 1538 1926 1596 longitudi—

178 1592 314 1634 nalem
346 1601 535 1650 superat,
567 1592 680 1634 haud
711 1609 837 1651 aegre
869 1593 1167 1650 dignoscenda.

293 1672 359 1711 46.
393 1670 439 1710 Ρ.
474 1668 638 1724 elegans
669 1667 897 1720 (CHAMlsso
930 1677 973 1709 et
1004 1669 1318 1710 Sanscu'ran.
1360 1669 1403 1711 in
1434 1670 1623 1712 Limnaeo
1653 1671 1731 1723 II,
1776 1686 1817 1727 p.
1848 1674 1925 1721 22)

177 1725 363 1766 caulibus
396 1730 551 1767 erectis
581 1726 774 1766 unissoris
806 1742 933 1782 parce
966 1726 1112 1782 pilosis
1141 1729 1312 1768 inferne
1343 1726 1640 1783 subdipbyllis,
1672 1729 1788 1769 foliis
1813 1727 1928 1768 radi-

178 1783 339 1823 calibus
373 1788 579 1836 ternatis,
611 1783 765 1824 foliolis
798 1784 1320 1826 obovato-suborbieulatis
1344 1790 1530 1840 margine
1561 1785 1796 1842 subtusque
1829 1784 1927 1842 pilis

178 1842 431 1890 (rarioribus
464 1840 805 1890 densioribusve)
838 1840 1052 1898 adspersis
1085 1842 1295 1896 profunde
1326 1847 1470 1884 incisis
1502 1843 1836 1899 pinnatifidisve:
1870 1842 1927 1883 la-

176 1901 298 1938 ciniis
331 1898 643 1939 sublinearibus
670 1903 954 1956 integerrimis
977 1899 1210 1953 trifidisve3
1242 1900 1417 1941 caulinis
1446 1900 1704 1956 simplicibus
1728 1904 1925 1953 sem-atis,

178 1955 346 2012 stipulis
379 1955 762 1998 ovato-lanceolatis
806 1958 1131 1998 membranaceis
1173 1957 1346 2007 ciliatis,
1389 1957 1542 2015 petalis
1587 1959 1777 2000 obovatis
1819 1962 1926 1999 inte·

175 2017 371 2068 geri-imis
402 2017 612 2056 retusisve
643 2013 783 2070 calyce
805 2014 938 2070 piloso
962 2014 1238 2072 longioribus,
1269 2015 1432 2057 laciniis
1458 2014 1655 2071 calycinis
1676 2015 1925 2057 lanceolatis

179 2067 446 2112 acutiusculis
478 2071 710 2112 bracteolas
739 2071 938 2128 oblongas
960 2073 1132 2114 obtusas
1155 2072 1526 2130 subaequantibus,
1557 2074 1754 2132 carpellis
1777 2103 1923 2117 .....

224 2147 262 2178 P.
290 2147 444 2180 minima.
493 2149 624 2184 TURCZ.
649 2151 696 2193 pl.
722 2160 799 2182 ems.
825 2149 910 2188 (non
937 2151 1047 2183 HALL.
1070 2151 1151 2191 fil.)-

224 2193 456 2228 Tormentilla
480 2195 622 2237 pusilla.
669 2196 809 2229 Wmn.
833 2197 926 2229 herb.
952 2196 1017 2230 Nr.
1043 2201 1145 2232 9923.

224 2256 311 2291 Hah.
351 2256 385 2288 iu
424 2256 600 2291 Sibiria
633 2258 907 2294 baikalensi!
941 2259 1081 2297 (PALL.)
1118 2259 1155 2292 in
1191 2259 1271 2302 alpe
1307 2257 1560 2293 Tschokondo!
1597 2257 1780 2300 (Tusca),
1805 2261 1924 2292 terra

316 2302 725 2338 Tschuktschorum
760 2305 804 2339 ad
840 2305 908 2341 siu.
948 2305 1001 2339 St.
1038 2305 1225 2339 Laurentii
1261 2304 1477 2347 (Cnmvnsso)
1516 2308 1549 2338 et
1585 2303 1923 2339 Kamtschatka!

317 2348 564 2391 fflsnowsflv).
592 2356 628 2390 21.

295 2413 344 2455 P.
376 2420 545 2457 minima
575 2417 720 2459 differt
750 2418 864 2459 foliis
904 2422 1026 2460 etiam
1069 2418 1243 2460 caulinis
1287 2421 1490 2471 ter-natis,
1533 2417 1690 2459 foliolis
1734 2418 1926 2458 omnibus

181 2476 361 2513 serratis
392 2489 468 2515 nec
499 2478 642 2516 incisis
673 2475 1011 2534 pinnatifidisve,
1048 2476 1215 2533 stipulis
1247 2477 1438 2518 foliaceis
1478 2492 1554 2517 nec
1587 2475 1925 2528 membranaceis,

185 2530 350 2570 laciniis
391 2531 584 2585 calycinis
619 2533 850 2575 bracteolas
881 2536 1180 2590 superantibus
1212 2550 1289 2576 nec
1322 2534 1684 2592 subaequantibus
1716 2542 1759 2575 et
1781 2549 1928 2590 super-

179 2587 272 2627 ficie
306 2591 432 2628 totius
462 2588 626 2644 plautae
659 2591 841 2633 molliter
872 2591 1031 2635 villosa.

299 2660 485 2703 Plantam
530 2673 715 2706 nostram
760 2665 813 2706 ad
859 2666 1051 2723 Wolgam
1094 2669 1360 2724 superiorem
1398 2669 1464 2709 vix
1504 2668 1757 2722 provenire,
1808 2672 1926 2705 certe

181 2734 234 2761 m.
265 2717 382 2759 Julio
418 2724 525 2762 1772
557 2737 579 2761 a
609 2721 658 2763 cl.
693 2723 870 2764 Pallasio
900 2724 1054 2765 ibidem
1089 2741 1172 2765 non
1205 2740 1299 2766 esse
1328 2723 1477 2764 lectam
1499 2739 1544 2764 ex
1569 2738 1616 2763 eo
1647 2731 1776 2779 patet,
1810 2720 1925 2778 quod

181 2775 232 2816 cl.
265 2780 330 2817 vir
362 2785 459 2818 tune
491 2783 688 2834 temporis
720 2783 762 2820 in
796 2780 957 2823 Sibiria
989 2782 1219 2823 baikalensi
1250 2790 1532 2823 commoratus
1574 2790 1639 2821 est
1680 2788 1721 2820 et
1752 2783 1836 2820 iter
1867 2781 1927 2820 fe-

180 2836 237 2873 cit
269 2849 416 2874 versus
448 2834 489 2877 ss.
521 2834 705 2876 Jenisei.
776 2837 824 2878 In
866 2839 1067 2881 schedula
1098 2839 1333 2881 Pallasiana
1376 2842 1555 2896 insuper
1595 2840 1783 2895 regionis
1825 2836 1926 2879 wol-

180 2895 323 2947 gensis
355 2891 466 2933 nulla
498 2892 545 2932 fit
576 2897 743 2935 mentio.

296 2968 364 3007 47.
388 2967 434 3009 P.
451 2966 763 3019 nana(W1m›.
779 2969 888 3011 herb.
902 2970 1120 3023 N1-.!›994)
1136 2969 1324 3012 caulibus
1336 2973 1487 3011 erectis
1503 2972 1590 3011 uni-
1608 2985 1646 3011 v.
1661 2985 1772 3011 nunc
1784 2972 1926 3025 pauci-

181 3022 300 3065 floris
332 3023 427 3081 pilis
459 3024 592 3081 longis
625 3026 863 3081 patentibus
896 3028 1087 3071 mollibus
1121 3028 1357 3086 adspersis,
1390 3027 1499 3070 foliis
1533 3031 1738 3082 tei-natis,
1771 3026 1924 3068 foliolis
