2010 3365
980 102 1081 147 810

165 232 329 273 domum
361 245 510 273 versus
541 231 696 284 apicem
727 219 955 278 squamulis
987 218 1235 259 destitutum
1266 219 1426 258 minute
1458 217 1736 262 tuberculatis
1759 228 1903 263 rostro

165 290 342 331 deciduo
375 294 398 329 3
418 285 556 342 -4plo
587 280 862 337 longioribus.

214 365 302 397 Hab.
329 363 363 395 in
391 358 586 393 Sibiriae
613 354 800 388 altaicae
826 352 896 384 des.
923 349 1331 393 soongoro-kirghisieo
1357 349 1400 382 ad
1425 349 1460 384 fl.
1488 351 1600 394 Taldy
1625 352 1720 385 circa
1744 364 1787 385 m.
1813 352 1901 385 Tar-

301 406 464 449 hagami,
497 403 536 435 ad
570 402 601 434 fl.
629 402 743 443 Lepsa
778 398 871 431 circa
896 396 968 429 rad.
994 408 1038 428 ιιι.
1063 396 1212 438 Alatau,
1243 395 1338 428 inter
1372 408 1417 429 m.
1442 397 1624 440 Arganaty
1649 402 1682 431 et
1705 398 1739 431 fl.
1765 399 1903 442 Ajugus

303 455 453 491 (KAREL.
479 454 511 486 et
536 449 683 480 Kmxm.
712 451 748 483 22.

280 514 315 554 A
349 511 392 552 C.
426 505 713 566 pauciflora
746 504 890 545 differt
921 503 1030 544 foliis
1063 504 1374 558 angustissimis
1407 510 1451 544 et
1480 502 1687 545 involucri
1717 509 1902 560 squamis

165 571 218 613 ad
248 573 402 626 apicem
435 580 565 620 usque
595 562 757 604 scabris
789 560 920 615 (ΚΑΒ.
952 570 995 602 et
1027 559 1122 602 Kla.
1153 559 1181 600 l.
1213 563 1286 609 c.)-

279 641 516 697 Specimen‚
560 635 672 692 quod
712 636 763 676 ab
808 635 955 676 honor.
987 650 1071 676 soc.
1105 642 1189 674 nat.
1222 649 1310 674 cur.
1345 648 1477 689 mosq.
1511 633 1591 674 sub
1623 633 1702 675 hoc
1734 638 1902 675 nomine

165 696 360 739 benevole
406 710 561 735 mecum
600 697 944 734 communicatum
977 691 1198 748 possideo,
1239 707 1334 732 cum
1368 691 1560 747 diagnosi
1592 707 1674 732 non
1706 697 1905 733 convenit

165 766 204 796 et
235 772 257 795 a
288 753 333 794 C.
366 760 703 791 canescente
736 754 800 793 vix
830 754 909 791 nisi
939 753 1094 791 canitie
1125 752 1285 790 minore
1316 748 1494 790 differre
1526 748 1710 791 videtur.
1761 749 1906 791 Ache-

163 816 229 854 nia
259 820 422 851 matura
453 825 534 849 non
567 806 665 850 vidi.

275 898 315 936 9.
381 893 424 935 C.
454 892 691 946 paum‘flora
720 890 889 944 (Lause.
922 891 985 932 Fl.
1018 890 1091 932 alt.
1123 891 1217 944 IV,
1249 907 1291 947 p.
1328 894 1426 939 148)
1469 890 1587 932 caule
1618 896 1905 934 ramosissimo

163 953 336 1009 glabro,
366 951 476 991 foliis
508 949 763 991 radicalibus
796 951 1137 1000 subi-uncinatis3
1171 949 1345 989 caulinis
1379 948 1827 1005 oblongo-linearibus
1860 951 1907 992 li-

164 1010 414 1051 nearibusve
445 1006 758 1059 crassiusculis,
806 1006 998 1061 capitulis
1031 1005 1177 1046 (issaris
1210 1005 1500 1062 pedunculatis
1535 1007 1907 1063 paniculato-sub-

164 1068 453 1121 corymbosis;
498 1064 703 1106 involucri
749 1065 836 1103 basi
873 1066 1010 1104 incani
1041 1067 1224 1118 squamis
1258 1067 1307 1114 Γ),
1340 1064 1528 1104 acheniis
1561 1069 1722 1106 striatis
1755 1082 1904 1107 versus

162 1129 321 1180 apicem
359 1122 582 1179 squamulis
627 1121 872 1161 destitutum
916 1125 1073 1160 minute
1106 1130 1148 1160 et
1180 1136 1306 1176 parce
1338 1123 1598 1163 muriculatis
1630 1133 1772 1164 rostro
1804 1122 1907 1165 mul-

167 1185 291 1222 toties
322 1179 593 1237 longioribus,
625 1194 758 1235 pappo
789 1178 1007 1218 achenium
1039 1192 1129 1217 cum
1163 1187 1304 1218 rostro
1335 1189 1579 1234 superante.

209 1256 250 1290 C.
275 1255 473 1300 pauciflora.
522 1255 654 1287 Lssmzn.
684 1255 732 1286 lc.
757 1255 803 1296 pl.
830 1255 885 1287 Fe.
911 1263 1004 1286 ross.
1040 1258 1064 1288 t.
1094 1257 1169 1286 198.
1209 1271 1249 1276 -
1288 1253 1377 1286 DEc.
1402 1254 1533 1288 Prodr.
1568 1255 1659 1296 VII,
1699 1266 1731 1299 p.
1761 1259 1836 1290 142.
1863 1272 1905 1280 -

304 1302 412 1335 Bono.
438 1306 470 1334 et
495 1300 622 1333 Merca
645 1301 765 1342 Suppl.
793 1301 848 1332 Fl.
875 1301 935 1332 alt.
962 1299 1025 1333 ΝΥ.
1052 1303 1130 1333 166.

214 1363 427 1397 Chondrilla.
475 1365 579 1398 PALL.
607 1364 651 1396 lt.
678 1362 731 1403 11,
758 1374 790 1406 p.
817 1366 895 1395 499.

213 1428 303 1460 Hah.
327 1426 362 1459 in
389 1425 561 1459 Sibiria
586 1425 768 1458 altaica!
794 1426 928 1467 (Parc,
954 1424 1018 1458 FL.
1045 1435 1135 1467 amu,
1163 1424 1272 1459 Bono.
1299 1427 1332 1457 et
1356 1424 1516 1462 Mamm).
1543 1429 1580 1463 21.

286 1503 349 1538 10.
414 1497 456 1538 C.
490 1510 709 1539 canescens
739 1495 918 1546 (KAREL.
951 1505 995 1537 et
1026 1497 1162 1539 anm.
1195 1498 1341 1538 Enum.
1373 1497 1430 1550 pl.
1465 1497 1662 1552 Soonyor.
1695 1497 1775 1539 Nr.
1806 1503 1908 1549 517)

167 1555 286 1598 caule
326 1558 606 1596 ramosissimo
647 1554 895 1610 paniculato,
936 1558 1062 1595 ramis
1103 1555 1449 1605 canescentibus,
1497 1554 1611 1596 foliis
1656 1555 1909 1596 radicalibus

172 1644 352 1653 .....
372 1645 384 1666 ,
426 1612 601 1652 caulinis
633 1612 820 1667 oblongis
854 1616 1054 1668 utrinque
1084 1616 1313 1653 attenuatis
1353 1612 1591 1668 subglaucis
1622 1617 1909 1669 integerrimis

170 1669 506 1722 denticulatisve,
537 1670 731 1726 capitulis
764 1670 951 1711 breviter
981 1669 1275 1727 petiunculatis
1306 1670 1817 1726 racemoso-panieulatis,
1849 1675 1911 1711 in·

171 1726 339 1767 volucro
377 1731 548 1778 inc-ano,
595 1728 769 1767 achenio
806 1727 1199 1784 striato-angulato
1230 1744 1413 1785 superne
1446 1733 1649 1769 mun-iente
1681 1728 1910 1784 squamulis

171 1788 302 1824 ovatis
333 1788 578 1824 acuminatis
611 1788 848 1837 terminato,
881 1794 1023 1825 rostro
1055 1785 1276 1826 achenium
1309 1795 1532 1842 aequante,
1565 1802 1702 1843 pappo
1726 1787 1911 1827 subarti-

169 1841 306 1882 culato
337 1841 554 1881 achenium
585 1857 678 1883 cum
710 1852 851 1882 rostro
884 1842 1180 1899 subaequante.

216 1917 305 1950 Hah.
331 1916 366 1948 in
395 1916 590 1950 Sibiriae
616 1917 812 1951 altr-icae
837 1918 975 1952 deserto
1001 1930 1176 1962 soongoro
1196 1917 1390 1960 kirghisico
1416 1918 1509 1952 circa
1536 1918 1685 1951 radicem
1714 1930 1758 1951 m.
1786 1918 1911 1951 Alatau

306 1963 347 1994 ad
374 1962 409 1997 fl.
435 1963 569 2006 chsa!
595 1965 747 1999 (KAREL.
775 1968 806 1996 et
831 1966 970 2007 Kirna,
999 1977 1118 1998 comm.
1145 1966 1188 1997 ab
1215 1966 1336 1997 honor.
1363 1977 1435 1998 soc.
1463 1969 1532 1998 nat.
1560 1976 1630 1999 cur.
1657 1967 1798 2007 mosq.).
1826 1971 1863 2003 Δ.

285 2038 350 2077 11.
417 2034 461 2075 0.
492 2035 636 2076 slrz'cta
676 2035 845 2085 (Lama.
890 2037 952 2080 Fl.
984 2038 1054 2080 alt.
1086 2038 1172 2091 IV,
1217 2054 1257 2094 p.
1292 2041 1372 2079 146
1411 2037 1536 2088 [excl.
1581 2053 1673 2093 syn.
1708 2037 1911 2088 GMELmJ)

171 2090 284 2132 caule
320 2092 405 2132 basi
437 2091 604 2148 hispido
635 2108 799 2134 ramoso
831 2098 1006 2148 striato,
1040 2099 1167 2136 ramis
1199 2096 1662 2137 arachnoideo-incanis
1694 2112 1731 2137 v.
1764 2094 1913 2135 flocco-

171 2153 243 2200 sis,
275 2148 385 2189 foliis
416 2148 669 2190 radicalibus
701 2152 1135 2194 obovato-runcinatis
1167 2157 1230 2203 (in
1263 2153 1317 2209 pl.
1348 2153 1480 2206 culta)
1512 2152 1693 2209 glabris;
1735 2151 1913 2193 caulinis

172 2210 404 2262 rameisque
436 2206 766 2264 ovato—oblongis
798 2208 1040 2266 oblongisve
1071 2213 1356 2266 integerrimis
1380 2211 1718 2262 denticulatisve,
1751 2213 1914 2266 capitu-

171 2261 225 2303 lis
255 2263 545 2320 pedunculatis
576 2264 904 2318 subi-acemosis,
934 2267 1147 2309 involucro
1179 2267 1757 2326 arachnoideo-pnbescenti,
1789 2267 1914 2307 ache-

172 2324 240 2360 nio
271 2325 418 2361 striato
450 2337 631 2377 superne
663 2326 867 2365 niuricato
900 2325 1128 2380 squamulis
1160 2324 1671 2368 lanceolam-linearibus
1704 2322 1911 2366 subulatis

175 2381 409 2430 terminato,
442 2388 582 2419 rostro
613 2379 802 2422 acheniis
834 2398 984 2439 parum
1018 2383 1213 2426 breviore
1244 2400 1279 2426 v.
1314 2384 1491 2440 aequali,
1523 2399 1661 2441 pappo
1691 2382 1914 2423 ael-‚eninm

173 2449 265 2474 cum
297 2444 435 2476 rostro
468 2436 788 2493 subsuperante.

220 2510 257 2542 C.
283 2510 410 2543 stricta.
459 2511 591 2544 Lem-211.
619 2513 668 2545 10.
694 2515 741 2556 pl.
767 2516 821 2547 Εἰ.
850 2525 943 2550 ross,
969 2518 990 2548 t.
1019 2521 1073 2550 37.
1102 2534 1142 2540 --
1168 2517 1259 2550 Dssc.
1285 2518 1415 2551 Prodr.
1449 2518 1541 2559 Vll,
1567 2528 1600 2560 p.
1629 2519 1706 2549 142.

221 2573 310 2606 Hab.
336 2573 371 2604 in
395 2573 567 2606 Sibiria
592 2575 774 2609 altaica!
802 2577 879 2615 (FL.
906 2582 1010 2615 usn).
1038 2585 1074 2617 21.

289 2632 435 2674 For-mn
468 2644 508 2674 et
539 2634 797 2690 longitudine
831 2639 1144 2695 squamularum
1174 2644 1216 2682 in
1249 2640 1413 2682 achenii
1445 2643 1576 2697 apice,
1608 2648 1782 2697 praeter
1812 2639 1914 2682 alias

176 2698 309 2743 notas,
342 2689 636 2746 dignoscenda.

294 2779 356 2816 12.
423 2775 465 2817 O.
497 2775 681 2829 lalif'olia
711 2777 790 2823 (M.
823 2796 845 2819 a
879 2781 993 2821 Bina.
1028 2782 1088 2822 Fl.
1122 2786 1148 2824 l.
1181 2795 1212 2824 c.
1246 2781 1320 2832 ll,
1367 2798 1407 2837 p.
1440 2786 1542 2829 244)
1583 2781 1696 2822 caule
1730 2782 1818 2822 basi
1853 2782 1915 2823 hi-

177 2831 295 2885 spido
328 2848 453 2887 parre
487 2849 646 2873 ramoso
680 2840 840 2887 stricto,
875 2843 999 2879 ramis
1033 2839 1203 2891 glabris,
1238 2839 1350 2879 foliis
1378 2839 1629 2880 radicalibns
1653 2844 1913 2893 runcinatisg

176 2889 348 2929 caulinis
373 2888 562 2946 oblongis
586 2894 869 2945 integerrimis
904 2912 938 2935 ν.
974 2895 1108 2949 rigide
1142 2896 1599 2948 viliam-«lruticulatis7
1633 2898 1827 2953 capitulis
1852 2914 1915 2937 so-

177 2944 324 2987 iiim-iis
358 2963 392 2986 v.
428 2953 662 3002 aggregatis
695 2951 914 2990 sess-ilibus
948 2948 1067 2993 srcus
1113 2968 1247 2992 ramos
1292 2953 1569 3009 subs-picatis,
1617 2956 1823 2995 involuuvi
1856 2959 1915 2994 in·

177 3007 267 3045 cani
309 3008 486 3060 squamis
532 3004 707 3047 subinde
753 3007 803 3048 ad
846 3012 1031 3051 carinam
1081 3014 1261 3063 setosis,
1313 3012 1488 3053 achenio
1539 3016 1688 3054 striato
1732 3028 1916 3070 superne
