2010 3365
324 717 484 760 Ordo
515 714 743 758 LXIX.
805 712 1207 765 compositae.
1266 714 1486 756 Adane.

154 805 298 847 Flores
332 802 667 861 hermaphroditi
699 819 735 844 v.
769 801 920 842 abortu
954 800 1219 842 unisexuales
1251 809 1322 840 aut
1354 805 1511 854 neutri,
1542 803 1584 841 in
1617 802 1778 858 capitu·

35 862 118 904 lum
152 880 187 905 v.
220 862 518 919 glomerulum,
550 877 677 916 supra
709 858 1021 915 receptaculum
1055 873 1130 898 seu
1163 861 1268 898 rami
1299 862 1458 912 apicem
1490 857 1656 913 planum
1688 863 1778 900 sive

32 925 223 961 conicum
256 932 326 962 aut
358 920 606 974 elongatum,
638 916 854 958 involucro
878 920 993 956 vario
1015 919 1195 956 cinctum
1217 913 1401 965 collecti3
1434 920 1667 956 exteriores
1690 920 1779 957 sive

35 980 263 1018 inferiores
296 981 597 1033 praecociores.
649 974 837 1029 Capituli
870 973 998 1014 flores
1031 981 1105 1013 aut
1136 987 1279 1012 omnes
1312 971 1671 1027 hermaphroditi,
1703 984 1777 1014 aut

35 1039 269 1076 exteriores
291 1038 432 1075 neutri
453 1049 526 1074 seu
551 1033 742 1084 feminei3
773 1035 1002 1071 interiores
1035 1028 1370 1086 hermaphroditi
1393 1045 1431 1070 v.
1454 1029 1639 1082 masculi,
1670 1046 1779 1071 nunc

35 1107 178 1133 omnes
219 1092 389 1133 corollis
429 1089 635 1131 tubulosis
677 1106 712 1130 v.
747 1087 961 1145 lingulatis
993 1087 1199 1144 praediti,
1243 1102 1280 1128 v.
1312 1085 1481 1127 corollis
1513 1089 1558 1126 in
1590 1088 1778 1143 margine

36 1165 109 1190 seu
143 1149 260 1190 radio
292 1148 492 1205 ligulatis,
525 1151 566 1187 in
597 1155 744 1188 centro
776 1150 862 1188 sive
885 1145 1001 1186 disco
1026 1144 1248 1196 tubulosis,
1281 1160 1317 1186 v.
1341 1144 1532 1184 omnibus
1558 1143 1779 1197 bilabiatis,

35 1224 75 1248 v.
109 1212 150 1247 in
186 1210 371 1263 margine
400 1204 609 1260 ligulatis,
649 1209 691 1245 in
723 1213 870 1244 centro
905 1202 1136 1254 bilabiatis,
1168 1200 1463 1257 marginalibus
1495 1200 1667 1256 capituli
1699 1201 1797 1242 dis-.

34 1264 171 1306 coidei
204 1279 496 1319 nonnunquam
528 1262 816 1303 conformibus
847 1260 920 1301 sed
954 1260 1183 1316 majoribus
1215 1258 1372 1301 donati.
1417 1257 1628 1300 lnvolucri
1661 1274 1782 1314 squa-

37 1338 126 1362 mae
160 1320 314 1378 plures,
349 1320 752 1377 uni-pluriseriatae,
785 1318 945 1359 liberae
980 1334 1015 1359 v.
1040 1322 1228 1372 margine
1250 1315 1465 1356 interdum
1487 1320 1601 1357 inter
1622 1331 1667 1357 se
1688 1331 1781 1356 coa-

34 1378 146 1419 litae.
180 1377 411 1418 Glomeruli
435 1393 456 1417 e
479 1376 675 1434 capitulis
700 1376 908 1433 pluribus,
943 1379 1030 1415 uni-
1053 1374 1310 1430 paucissoris,
1343 1372 1571 1415 involucris
1595 1376 1779 1430 propriis

36 1440 280 1487 instructis,
322 1439 561 1490 aggregatis
602 1443 643 1475 et
684 1433 902 1476 involucro
933 1431 1125 1489 generali
1157 1435 1332 1485 cinctis,
1375 1430 1642 1487 receptaculo
1673 1446 1784 1471 com-

37 1497 154 1535 muni
185 1492 487 1534 insidentibus:
530 1490 724 1549 capitulis
757 1489 1013 1532 centralibus
1046 1505 1171 1546 saepe
1205 1489 1559 1546 praecocioribus.
1621 1486 1782 1544 Recep-

39 1550 219 1591 taculum
252 1566 365 1590 nunc
395 1554 510 1607 spica
540 1559 778 1602 contracta,
810 1548 942 1605 paleis
973 1546 1026 1588 ad
1057 1546 1166 1587 latus
1197 1550 1382 1602 cujusvis
1414 1545 1532 1587 floris
1565 1554 1782 1587 externum

35 1612 126 1648 sitis
159 1609 401 1659 obsessum,
441 1624 478 1648 v.
510 1611 550 1647 in
584 1608 742 1647 ambitu
786 1614 943 1646 tantum
977 1604 1108 1661 paleis
1143 1603 1341 1645 donatum
1375 1612 1446 1643 aut
1477 1603 1626 1644 iisdem
1659 1603 1783 1660 plane

34 1665 306 1717 destitutum3
339 1680 446 1705 nuuc
475 1664 651 1705 umbella
684 1673 914 1712 contracta,
948 1663 1124 1718 singulis
1157 1661 1335 1702 floribus
1364 1660 1521 1702 alveola
1546 1661 1636 1702 basi
1657 1677 1781 1717 squa-

34 1739 149 1764 mosa
181 1726 299 1777 apice
329 1722 425 1763 fissa
458 1739 495 1764 v.
527 1738 651 1779 saepe
673 1720 945 1773 denticulata,
978 1732 1047 1761 aut
1070 1719 1209 1761 areola
1232 1729 1468 1776 pentagona
1491 1722 1653 1760 cinctis.
1706 1718 1785 1758 Ca-

33 1778 100 1833 lyx
133 1780 230 1820 tubo
262 1795 351 1820 cum
383 1783 524 1820 ovario
555 1788 748 1832 connato,
782 1795 892 1819 nuuc
918 1776 1113 1833 aequali,
1145 1793 1258 1818 nunc
1290 1792 1417 1833 supra
1448 1775 1553 1817 illud
1585 1775 1678 1832 plus
1711 1778 1784 1816 mi-

39 1853 118 1878 nus
150 1835 378 1894 producto3
408 1836 536 1878 limbo
567 1853 721 1894 supero
753 1840 928 1894 (pappo)
961 1851 1071 1877 nunc
1103 1838 1269 1876 omnino
1302 1833 1435 1886 nullo,
1469 1849 1577 1874 nunc
1602 1833 1721 1874 brevi
1741 1840 1786 1873 et

37 1898 220 1951 integro,
252 1909 362 1935 nunc
392 1893 587 1951 elongato
619 1898 733 1936 varie
764 1895 877 1936 fisso.
939 1892 1105 1934 Corolla
1137 1891 1411 1950 gamopetala,
1443 1906 1604 1932 summo
1635 1888 1785 1944 calycis

40 1951 153 1992 tubo*
175 1956 358 1993 inserta:
401 1952 528 1992 tubus
567 1951 830 2009 longitudine
872 1954 1043 2004 varius3
1088 1950 1237 1991 limbus
1269 1953 1513 2006 saepissime
1546 1952 1590 1989 5-
1623 1952 1785 1998 (rarius

39 2013 199 2061 4-3-2-)
229 2008 371 2050 lobus:
413 2009 519 2051 lobis
552 2026 630 2065 per
660 2013 979 2051 aestivationem
1009 2007 1206 2061 valvatis,
1238 2023 1349 2048 nunc
1379 2007 1572 2048 omnibus
1602 2004 1787 2060 aequali-

40 2065 134 2118 bus,
166 2082 277 2107 nunc
309 2066 631 2123 subaequalibus
664 2084 700 2110 v.
734 2066 1062 2121 irregularibus,
1095 2082 1206 2107 nuno
1239 2064 1469 2116 bilabiatis,
1503 2079 1615 2115 nunc
1646 2061 1699 2102 ad
1729 2061 1787 2103 la-

39 2131 107 2164 tus
127 2127 307 2164 interius
325 2122 551 2177 distinctis,
574 2124 743 2166 illincin
767 2120 933 2181 ligulam
950 2123 1349 2180 quinquedentatam
1372 2122 1537 2180 planam
1561 2123 1786 2162 concretis.

40 2180 230 2221 Stamina
263 2185 288 2221 5
322 2186 379 2233 (v.
411 2186 552 2223 rarius
585 2185 652 2235 4),
693 2183 793 2222 tubo
825 2181 1005 2222 corollae
1037 2185 1221 2232 inserta,
1263 2185 1439 2237 ejusque
1470 2178 1574 2220 lobis
1606 2177 1786 2221 alterna.

40 2236 274 2279 Filamenta
315 2239 416 2279 tubo
457 2240 623 2280 inferne
654 2239 832 2292 adnata,
875 2254 1060 2294 superne
1092 2238 1251 2291 libera,
1292 2247 1367 2278 aut
1396 2240 1564 2278 omnino
1595 2239 1708 2276 inter
1737 2250 1784 2275 so

39 2293 240 2336 distincta
271 2305 344 2336 aut
375 2299 415 2336 in
448 2297 590 2338 tubum
621 2306 845 2347 concreta,
885 2312 1035 2339 versus
1076 2300 1233 2353 apicem
1266 2294 1505 2336 articulata.
1568 2291 1787 2333 Antherae

39 2355 84 2392 in
116 2355 261 2394 tubum
292 2352 400 2408 stylo
433 2357 626 2410 pervium
656 2363 879 2395 concretae
910 2358 1145 2403 (rarissime
1176 2353 1446 2404 distinctae),
1489 2351 1693 2403 lineares,
1726 2353 1788 2390 in·

41 2419 232 2461 trorsae,
272 2409 546 2458 biloculares‚
586 2416 705 2467 apice
744 2415 987 2468 saepissime
1019 2415 1061 2451 in
1095 2409 1368 2468 appendicem
1400 2407 1658 2466 productae,
1699 2406 1789 2448 basi

41 2472 287 2523 saepissime
319 2472 360 2508 in
403 2468 558 2509 caudas
589 2468 682 2524 plus
714 2473 849 2509 minus
880 2468 1095 2524 elongatas
1126 2468 1385 2509 desinentes.
1447 2466 1651 2506 Ovarium
1682 2464 1789 2505 infe-

41 2538 157 2573 rum,
190 2524 475 2577 uniloculare,
507 2525 816 2566 uniovulatum:
850 2525 975 2567 ovulo
1006 2533 1162 2565 erecto.
1223 2523 1371 2578 Stylus
1402 2526 1443 2563 in
1476 2522 1653 2563 floribus
1684 2537 1791 2563 mas-

44 2579 151 2620 culis
175 2585 228 2632 (si
250 2582 390 2633 adest)
414 2583 764 2639 simplicissimus,
798 2586 839 2622 in
863 2584 1054 2623 femineis
1078 2591 1119 2622 et
1141 2580 1499 2638 hermaphroditis
1523 2595 1706 2636 superne
1729 2579 1789 2619 bi-

42 2636 175 2678 fidus:
208 2644 332 2681 ramis
364 2641 665 2696 (stigmatibus)
699 2656 881 2696 superne
902 2639 1052 2695 planis,
1084 2639 1233 2680 subtus
1256 2641 1464 2690 convexis,
1495 2641 1606 2678 serie
1628 2635 1787 2694 duplici

41 2693 338 2751 glandularum
370 2701 700 2755 stigmaticarum
733 2701 993 2752 marginatis.
1048 2696 1283 2738 Achenium
1317 2711 1668 2752 monospermum.
1716 2694 1791 2733 Se-

44 2767 138 2792 men
171 2767 193 2791 e
225 2754 412 2796 funiculo
446 2757 694 2797 brevissimo
725 2766 936 2795 erectum:
981 2762 1090 2795 testa
1130 2770 1222 2795 cum
1262 2753 1515 2809 endocarpio
1547 2755 1790 2809 saepissime

41 2808 318 2862 cohaerente3
349 2811 611 2870 endopleura
640 2812 851 2863 (albumen
888 2811 1100 2860 bassum.)
1133 2811 1432 2864 crassinscula,
1465 2819 1625 2863 tenera,
1657 2807 1790 2864 raphu

41 2864 170 2906 bifide
201 2881 417 2922 percursa.
476 2869 663 2926 Embryo
694 2870 993 2927 orthotropus:
1025 2868 1215 2911 radicula
1248 2869 1365 2911 brevi
1395 2869 1550 2909 infera.

79 2989 384 3040 Subordo
419 2994 466 3043 I.
542 2995 1037 3064 Tubuliflorare.
1112 2995 1244 3044 ΠΕΟ.
1282 2995 1473 3044 Prodr.
1523 2991 1580 3048 V,
1613 3004 1660 3052 77-
1698 2985 1750 3033 8·

102 3092 251 3134 Flore-s
273 3093 621 3152 hermaphroditi,
642 3099 818 3142 corollis
841 3099 1113 3157 regularibus
1136 3103 1181 3140 5-
1202 3102 1261 3154 (v.
1284 3101 1425 3139 rarius
1448 3098 1510 3146 4)
1533 3091 1730 3133 dentatis·

103 3174 193 3200 Flora
212 3176 340 3200 tossica.
380 3173 443 3201 Vol.
462 3173 502 3202 11.
1348 3168 1403 3205 30
